@book{johnson2007applied,
  title={Applied Multivariate Statistical Analysis},
  author={Johnson, R.A. and Wichern, D.W.},
  isbn={9780131877153},
  lccn={2006050673},
  series={Applied Multivariate Statistical Analysis},
  url={https://books.google.it/books?id=gFWcQgAACAAJ},
  year={2007},
  publisher={Pearson Prentice Hall}
}
@book{james2013introduction,
  title={An Introduction to Statistical Learning: with Applications in Python},
  author={James, G. and Witten, D. and Hastie, T. and Tibshirani, R.},
  isbn={9781461471387},
  lccn={13936251},
  series={Springer Texts in Statistics},
  url={https://books.google.it/books?id=qcI_AAAAQBAJ},
  year={2013},
  publisher={Springer New York}
}
@book{hastie2009elements,
  title={The Elements of Statistical Learning: Data Mining, Inference, and Prediction, Second Edition},
  author={Hastie, T. and Tibshirani, R. and Friedman, J.},
  isbn={9780387848587},
  lccn={2008941148},
  series={Springer Series in Statistics},
  url={https://books.google.it/books?id=tVIjmNS3Ob8C},
  year={2009},
  publisher={Springer New York}
}
@unpublished{course-slides-polimi,
	title  = {Applied Statistics},
	author = {Beraha Mario},
	note   = {Slides from the HPC-E master's degree course on Politecnico di Milano},
	year   = {2024-2025}
}
@article{chernoff1973use,
  title={The use of faces to represent points in k-dimensional space graphically},
  author={Chernoff, Herman},
  journal={Journal of the American statistical Association},
  volume={68},
  number={342},
  pages={361--368},
  year={1973},
  publisher={Taylor \& Francis}
}
@misc{ibmEDA,
  author       = {{IBM Corporation}},
  title        = {What is exploratory data analysis (EDA)?},
  year         = {n.d.},
  url          = {https://www.ibm.com/think/topics/exploratory-data-analysis},
  note         = {Accessed: 2025-06-26}
}
@article{bicGideonSchwarz,
 ISSN = {00905364, 21688966},
 URL = {http://www.jstor.org/stable/2958889},
 abstract = {The problem of selecting one of a number of models of different dimensions is treated by finding its Bayes solution, and evaluating the leading terms of its asymptotic expansion. These terms are a valid large-sample criterion beyond the Bayesian context, since they do not depend on the a priori distribution.},
 author = {Gideon Schwarz},
 journal = {The Annals of Statistics},
 number = {2},
 pages = {461--464},
 publisher = {Institute of Mathematical Statistics},
 title = {Estimating the Dimension of a Model},
 urldate = {2025-06-26},
 volume = {6},
 year = {1978}
}