@unpublished{quantum-computing-polimi,
	title  = {Quantum Computing},
	author = {Cremonesi Paolo},
	note   = {Slides from the HPC-E master's degree course on Politecnico di Milano},
	year   = {2024}
}
