@book{hennessy2017computer,
  title={Computer Architecture: A Quantitative Approach},
  author={Hennessy, J.L. and Patterson, D.A.},
  isbn={9780128119068},
  lccn={2011038128},
  series={ISSN},
  url={https://books.google.it/books?id=cM8mDwAAQBAJ},
  year={2017},
  publisher={Elsevier Science}
}
@unpublished{pipelining-slides,
  author = {Cristina Silvano},
  note   = {Slides from the HPC-E master's degree course on Politecnico di Milano},
  title  = {Lesson 1, Pipelining},
  year   = {2024}
}
@unpublished{course-slides-polimi,
	title  = {Advanced Computer Architecture},
	author = {Cristina Silvano},
	note   = {Slides from the HPC-E master's degree course on Politecnico di Milano},
	year   = {2024-2025}
}