@unpublished{network-computing-polimi,
	title  = {Network {C}omputing},
	author = {Antichi Gianni},
	note   = {Slides from the HPC-E master's degree course on Politecnico di Milano},
	year   = {2024}
}
